@article{Balmford1999,
	title = {Why biodiversity surveys are good value},
	year = 1999,
	volume = {398},
	pages = {204--205},
	author = {Andrew Balmford and Kevin J. Gaston},
	journal = {Nature}
}
@article{Kuikka1999,
	year = 1999,
	volume = {56},
	pages = {629--641},
	author = {S Kuikka and M Hild{\'{e}}n and H Gislason and S Hansson and H Sparholt and O Varis},
	title = {Modeling environmentally driven uncertainties in Baltic cod ( Gadus morhua ) management by Bayesian influence diagrams},
	journal = {Canadian Journal of Fisheries and Aquatic Sciences}
}
@article{Grantham2008,
	year = 2008,
	volume = {1},
	pages = {190--198},
	author = {Hedley S. Grantham and Atte Moilanen and Kerrie A. Wilson and Robert L. Pressey and Tony G. Rebelo and Hugh P. Possingham},
	title = {Diminishing return on investment for biodiversity data in conservation planning},
	journal = {Conservation Letters}
}
@article{Grantham2009,
	year = 2009,
	volume = {12},
	pages = {293--301},
	author = {Hedley S. Grantham and Kerrie A. Wilson and Atte Moilanen and Tony Rebelo and Hugh P. Possingham},
	title = {Delaying conservation actions for improved knowledge: how long should we wait?},
	journal = {Ecology Letters}
}
@article{Mantyniemi2009,
	year = 2009,
	volume = {66},
	pages = {2278--2283},
	author = {S. Mantyniemi and S. Kuikka and M. Rahikainen and L. T. Kell and V. Kaitala},
	title = {The value of information in fisheries management: {N}orth {S}ea herring as an example},
	journal = {{ICES} Journal of Marine Science}
}
@article{Costello2010,
	year = 2010,
	volume = {107},
	pages = {18294--18299},
	author = {C. Costello and A. Rassweiler and D. Siegel and G. De Leo and F. Micheli and A. Rosenberg},
	title = {The value of spatial information in {MPA} network design},
	journal = {Proceedings of the National Academy of Sciences}
}
@article{Moore2010,
	year = 2010,
	volume = {24},
	pages = {984--993},
	author = {A. L. Moore and M. A. McCarthy},
	title = {On Valuing Information in Adaptive-Management Models},
	journal = {Conservation Biology}
}
@article{Baxter2011,
	year = 2010,
	volume = {48},
	pages = {86--95},
	author = {Peter W. J. Baxter and Hugh P. Possingham},
	title = {Optimizing search strategies for invasive pests: learn before you leap},
	journal = {Journal of Applied Ecology}
}
@article{Moore2011,
	year = 2011,
	volume = {17},
	pages = {1047--1059},
	author = {Joslin L. Moore and Michael C. Runge and Bruce L. Webber and John R. U. Wilson},
	title = {Contain or eradicate? Optimizing the management goal for {A}ustralian {A}cacia invasions in the face of uncertainty},
	journal = {Diversity and Distributions}
}
@article{Runge2011a,
	year = 2011,
	volume = {144},
	pages = {1214--1223},
	author = {Michael C. Runge and Sarah J. Converse and James E. Lyons},
	title = {Which uncertainty? {U}sing expert elicitation and expected value of information to design an adaptive program},
	journal = {Biological Conservation}
}
@article{Stoms2011,
	year = 2011,
	volume = {26},
	pages = {8--17},
	author = {David M. Stoms and Jason Kreitler and Frank W. Davis},
	title = {The power of information for targeting cost-effective conservation investments in multifunctional farmlands},
	journal = {Environmental Modelling {\&} Software}
}
@article{Moore2012,
	year = 2012,
	volume = {26},
	pages = {810--820},
	author = {Joslin L. Moore and Michael C. Runge},
	title = {Combining Structured Decision Making and Value-of-Information Analyses to Identify Robust Management Strategies},
	journal = {Conservation Biology}
}
@article{Hermoso2013,
	year = 2013,
	volume = {8},
	pages = {e59662},
	author = {Virgilio Hermoso and Mark J. Kennard and Simon Linke},
	title = {Data Acquisition for Conservation Assessments: Is the Effort Worth It?},
	journal = {{PLoS} {ONE}}
}
@article{Runting2013,
	year = 2012,
	volume = {19},
	pages = {352--363},
	author = {Rebecca K. Runting and Kerrie A. Wilson and Jonathan R. Rhodes},
	title = {Does more mean less? {T}he value of information for conservation planning under sea level rise},
	journal = {Global Change Biology}
}
@article{Johnson2014b,
	year = 2014,
	volume = {78},
	pages = {531--539},
	author = {Fred A. Johnson and Greg Hagan and William E. Palmer and Michael Kemmerer},
	title = {Uncertainty, robustness, and the value of information in managing a population of northern bobwhites},
	journal = {The Journal of Wildlife Management}
}
@article{Johnson2014a,
	year = 2014,
	volume = {273},
	pages = {186--199},
	author = {Fred A. Johnson and Gitte H. Jensen and Jesper Madsen and Byron K. Williams},
	title = {Uncertainty, robustness, and the value of information in managing an expanding Arctic goose population},
	journal = {Ecological Modelling}
}
@article{Perhans2014,
	year = 2014,
	volume = {318},
	pages = {175--182},
	author = {Karin Perhans and Robert G. Haight and Lena Gustafsson},
	title = {The value of information in conservation planning: Selecting retention trees for lichen conservation},
	journal = {Forest Ecology and Management}
}
@article{Canessa2015,
	year = 2015,
	volume = {6},
	pages = {1219--1228},
	author = {Stefano Canessa and Gurutzeta Guillera-Arroita and Jos{\'{e}} J. Lahoz-Monfort and Darren M. Southwell and Doug P. Armstrong and Iadine Chad{\`{e}}s and Robert C. Lacy and Sarah J. Converse},
	title = {When do we need more data? A primer on calculating the value of information for applied ecologists},
	journal = {Methods in Ecology and Evolution}
}
@article{Hermoso2015,
	year = 2014,
	volume = {38},
	pages = {283--292},
	author = {Virgilio Hermoso and Mark J. Kennard and Simon Linke},
	title = {Evaluating the costs and benefits of systematic data acquisition for conservation assessments},
	journal = {Ecography}
}
@article{Lehtomaki2015,
	year = 2015,
	volume = {10},
	pages = {e0135926},
	author = {Joona Lehtomäki and Sakari Tuominen and Tuuli Toivonen and Antti Leinonen},
	title = {What Data to Use for Forest Conservation Planning? A Comparison of Coarse Open and Detailed Proprietary Forest Inventory Data in {F}inland},
	journal = {{PLoS} {ONE}}
}
@article{Maxwell2015,
	year = 2014,
	volume = {52},
	pages = {12--20},
	author = {Sean L. Maxwell and Jonathan R. Rhodes and Michael C. Runge and Hugh P. Possingham and Chooi Fei Ng and Eve McDonald-Madden},
	title = {How much is new information worth? Evaluating the financial benefit of resolving management uncertainty},
	journal = {Journal of Applied Ecology}
}
@article{Williams2015,
	year = 2015,
	volume = {5},
	pages = {466--474},
	author = {Byron K. Williams and Fred A. Johnson},
	title = {Value of information in natural resource management: technical developments and application to pink-footed geese},
	journal = {Ecology and Evolution}
}
@article{Mazor2016,
	year = 2016,
	volume = {25},
	pages = {540--552},
	author = {Tessa Mazor and Maria Beger and Jennifer McGowan and Hugh P. Possingham and Salit Kark},
	title = {The value of migration information for conservation prioritization of sea turtles in the {M}editerranean},
	journal = {Global Ecology and Biogeography}
}
@article{Nygard2016,
	year = 2016,
	volume = {3},
	pages = {1--11},
	author = {Henrik Nyg{\aa}rd and Soile Oinonen and Heidi A. Hällfors and Maiju Lehtiniemi and Eija Rantajärvi and Laura Uusitalo},
	title = {Price vs. Value of Marine Monitoring},
	journal = {Frontiers in Marine Science}
}
@article{Robinson2016,
	year = 2016,
	volume = {7},
	pages = {e01613},
	author = {Kelly F. Robinson and Angela K. Fuller and Jeremy E. Hurst and Bryan L. Swift and Arthur Kirsch and James Farquhar and Daniel J. Decker and William F. Siemer},
	title = {Structured decision making as a framework for large-scale wildlife harvest management decisions},
	journal = {Ecosphere}
}
@article{Tulloch2016,
	year = 2017,
	volume = {188},
	pages = {108--119},
	author = {Vivitskaia J. Tulloch and Carissa J. Klein and Stacy D. Jupiter and Ayesha I. T. Tulloch and Chris Roelfsema and Hugh P. Possingham},
	title = {Trade-offs between data resolution, accuracy, and cost when choosing information to plan reserves for coral reef ecosystems},
	journal = {Journal of Environmental Management}
}
@book{Raiffa1961,
	Address = {New York},
	Author = {Raiffa, H. and Schlaifer, R. },
	Publisher = {John Wiley \& Sons Inc. },
	Title = {Applied statistical decision theory},
	Year = {1961}
}
@article{Eeckhoudt2000,
 title={Risk aversion and the value of information},
 author={Eeckhoudt, Louis and Godfroid, Philippe},
 journal={The Journal of Economic Education},
 volume={31},
 pages={382--388},
 year={2000},
}
@incollection{Ball2009,
 author = {Ian R. Ball and Hugh P. Possingham and Matthew Watts},
 title = {Marxan and relatives: Software for spatial conservation prioritisation},
 booktitle = {Spatial Conservation Prioritization: Quantitative Methods and Computational Tools},
 publisher = {Oxford University Press},
 year = {2009},
 pages = {185--195}
}
@book{Moilanen2009,
 title = {Spatial Conservation Prioritization: Quantitative Methods and Computational Tools},
 editor = {Atte Moilanen and Kerrie A. Wilson and Hugh Possingham},
 publisher = {Oxford University Press},
 year = {2009},
}
@article{Pullin2004,
 title={Do conservation managers use scientific evidence to support their decision-making?},
 author={Pullin, Andrew S and Knight, Teri M and Stone, David A and Charman, Kevin},
 journal={Biological conservation},
 volume={119},
 pages={245--252},
 year={2004}
}
@article{Colyvan2016,
 title={Value of information and monitoring in conservation biology},
 author={Colyvan, Mark},
 journal={Environment Systems and Decisions},
 volume={36},
 pages={302--309},
 year={2016}
}
@article{Yokota2004a,
 title={Value of information literature analysis: a review of applications in health risk management},
 author={Yokota, Fumie and Thompson, Kimberly M},
 journal={Medical Decision Making},
 volume={24},
 pages={287--298},
 year={2004}
}
@article{Yokota2004b,
 title={Value of information analysis in environmental health risk management decisions: past, present, and future},
 author={Yokota, Fumie and Thompson, Kimberly M},
 journal={Risk analysis},
 volume={24},
 pages={635--650},
 year={2004}
}
@article{Samson1989,
 title={The value of information from multiple sources of uncertainty in decision analysis},
 author={Samson, Danny and Wirth, Andrew and Rickard, J},
 journal={European journal of operational research},
 volume={39},
 pages={254--260},
 year={1989}
}
@article{Hazen1999,
 title={Expected-utility preference reversals in information acquisition},
 author={Hazen, Gordon B and Sounderpandian, Jayavel},
 journal={Journal of Risk and Uncertainty},
 volume={18},
 pages={125--136},
 year={1999}
}
@book{VonNeumann1944,
 title={Theory of games and economic behavior},
 author={Von Neumann, John and Morgenstern, Oskar},
 year={1944},
 publisher={Princeton University Press}
}
@article{Tulloch2015,
 title={Effect of risk aversion on prioritizing conservation projects},
 author={Tulloch, Ayesha IT and Maloney, Richard F and Joseph, Liana N and Bennett, Joseph R and Fonzo, Martina MI and Probert, William JM and O'connor, Shaun M and Densem, Jodie P and Possingham, Hugh P},
 journal={Conservation Biology},
 volume={29},
 pages={513--524},
 year={2015}
}
@article{Edwards1998,
 title={The value of biodiversity: where ecology and economy blend},
 author={Edwards, Peter J and Abivardi, Cyrus},
 journal={Biological Conservation},
 volume={83},
 pages={239--246},
 year={1998}
}
@book{Berger1985,
 title={Statistical decision theory and Bayesian analysis},
 author={Berger, James O},
 year={1985},
 publisher={Springer}
}
@article{Wintle2010,
 title={Allocating monitoring effort in the face of unknown unknowns},
 author={Wintle, Brendan A and Runge, Michael C and Bekessy, Sarah A},
 journal={Ecology letters},
 volume={13},
 pages={1325--1337},
 year={2010}
}
@article{Polasky2001,
 title={The value of information in reserve site selection},
 author={Polasky, Stephen and Solow, Andrew R},
 journal={Biodiversity and Conservation},
 volume={10},
 pages={1051--1058},
 year={2001}
}
@book{Walters1986,
  title={Adaptive management of renewable resources},
  author={Walters, Carl J},
  year={1986},
  publisher={Macmillan}
}
